@book{van97,
author = "Dirk {van Dalen}",
title = "Logic and Structure",
edition = "3rd",
publisher = "Springer",
year = "1997"
}

@book{Bar85,
author = "Henk Pieter Barendregt",
title = "The Lambda Calculus: Its Syntax and Semantics",
edition = "revised",
publisher = "Elsevier",
year = "1985"
}

@book{Hin97,
author = "J. Roger Hindley",
title = "Basic Simple Type Theory",
publisher = "Cambridge University Press",
year = "1997"
}

@book{Mit96,
author = "John C. Mitchell",
title = "Foundations for Programming Languages",
publisher = "The MIT Press",
year = "1996"
}

@book{BW95,
author = "Michael Barr and Charles Wells",
title = "Category Theory for Computing Science",
edition ="2nd",
publisher = "Prentice Hall",
year = "1995"
}

@book{RB88,
author = "David E. Rydeheard and Rod M. Burstall",
title = "Computational category Theory",
publisher = "Prentice Hall",
year = "1988"
}

@inbook{LS86,
author = "J. Lambek and P. J. Scott",
title = "Introduction to Higher Order Categorical Logic",
chapter = "Cartesian closed categories and $ \lambda $-calculus",
publisher = "Cambridge University Press",
year = "1986"
}

@book{AL91,
author = "Andrea Asperti and Giuseppe Longo",
title = "Categories, Types, and Structures",
publisher = "The MIT Press",
year = "1991"
}

@book{SU98,
author = "Morten Heine B. S{\o}rensen and Pawel Urzyczyn",
title = "Lectures on the Curry-Howard Isomorphism",
publisher = "Elsevier",
year = "1998"
}

@misc{Jun04,
author = "Achim Jung",
title = "A Short Introduction to the Lambda Calculus",
month = "March",
year = "2004",
note = "Notes from the second year course \emph{Models of Computation}, taught at the University of Birmingham, 98/99 to 03/04"
}

@inbook{van01,
author = "Dirk {van Dalen}",
editor = "Lou Goble",
title = "Philosophical Logic",
chapter = "Intuitionistic Logic",
publisher = "Blackwell",
year = "2001"
}

@book{HR04,
author = "Michael Huth and Mark Ryan",
title = "Logic in Computer Science: Modelling and Reasoning about Systems",
edition = "2nd",
publisher = "Cambridge University Press",
year = "2004"
}

@book{Pie91,
author = "Benjamin C. Pierce",
title = "Basic Category Theory for Computer Science",
publisher ="The MIT Press",
year = "1991"
}

@inbook{Pit00,
author = "Andrew M. Pitts",
editor = "S. Abramsky and Dov M. Gabbay and T. S. E. Maibaum",
title = "Handbook of Logic in Computer Science",
volume = "5",
chapter = "Categorical Logic",
publisher = "Clarendon Press",
year = "2000"
}

@inbook{Rui91,
author = "Wim Ruitenburg",
editor = "Thomas Drucker",
title = "Perspectives on the history of mathematical Logic",
chapter = "The Unintended Interpretations of Intuitionistic Logic",
publisher = "Birkhauser",
year = "1991"
}

@Article{SS45,
author = "Samuel Eilenberg and Saunders Mac Lane",
title = "General Theory of Natural Equivalences",
journal = "Transactions of the American Mathematical Society",
year = "1945",
volume = "58",
number = "2"
}

@inbook{Lam72,
author = "Joachim Lambek",
title = "Lecture Notes on Mathematics",
chapter = "Deductive Systems and Categories III: Cartesian Closed Categories, Intuitionist Propositional Calculus, and Combinatory Logic",
publisher = "Springer",
volume = "274",
year = "1972"
}