@book{dalen97,
author = "Dirk van Dalen",
title = "Logic and Structure",
publisher = "Springer",
year = "1997",
}
