@book{dal97,
author = "Dirk van Dalen",
title = "Logic and Structure",
publisher = "Springer",
year = "1997"
}

@book{bar85,
author = "Henk Pieter Barendregt",
title = "The Lambda Calculus: Its Syntax and Semantics",
publisher = "Elsevier Science Publishers B.V.",
year = "1985"
}

@book{hin97,
author = "J. Roger Hindley",
title = "Basic Simple Type Theory",
publisher = "The Cambridge University Press",
year = "1997"
}

@book{mit96,
author = "John C. Mitchell",
title = "Foundations fro Programming Languages",
publisher = "The MIT Press",
year = "1996"
}

@book{bar95,
author = "Michael Barr and Charles Wells",
title = "Category Theory for Computing Science",
publisher = "Prentice Hall",
year = "1995"
}

@book{ryd88,
author = "David E. Rydeheard and Rod M. Burstall",
title = "Computational category Theory",
publisher = "Prentice Hall",
year = "1988"
}

@book{lam86,
author = "J. Lambek and P. J. Scott",
title = "Introduction to Higher Order Categorical Logic",
publisher = "The Cambridge University Press",
year = "1986"
}

@book{asp91,
author = "Andrea Asperti and Giuseppe Longo",
title = "Categories, Types, and Structures",
publisher = "The MIT Press",
year = "1991"
}

@book{sor98,
author = "Morten Heine B. S{\o}rensen and Pawel Urzyczyn",
title = "Lectures on the Curry-Howard Isomorphism",
publisher = "Elsevier",
year = "1998"
}
